%% This BibTeX bibliography file was created using BibDesk.
%% http://bibdesk.sourceforge.net/

%% Created for Klaas Moerman at 2013-02-20 12:03:18 +0100 

%% Saved with string encoding Unicode (UTF-8) 


@inproceedings{sparse-matrix-matlab-p,
	Author = {Viral Shah and John R. Gilbert},
	Booktitle = {In HiPC},
	Pages = {144--155},
	Publisher = {Springer},
	Title = {Sparse matrices in Matlab*P: Design and implementation},
	Year = {2004}}

@TECHREPORT{sparse-matrix-matlab,
    author = {John R. Gilbert and Cleve Moler and Robert Schreiber},
    title = {Sparse matrices in Matlab: Design and implementation},
    institution = {},
    year = {1991}
}

@inproceedings{parallel-sparse-matrix,
	Author = {AydÄ±n Bulu{\c c} and Jeremy T. Fineman and Matteo Frigo and John R. Gilbert and Charles E. Leiserson},
	Booktitle = {IN SPAA},
	Pages = {233--244},
	Title = {Parallel sparse matrix-vector and matrix-transpose-vector multiplication using compressed sparse blocks},
	Year = {2009}}

@inproceedings{cache-oblivious-kumar,
	Author = {Piyush Kumar},
	Booktitle = {Algorithms for Memory Hierarchies, LNCS 2625},
	Pages = {193--212},
	Publisher = {Springer-Verlag},
	Title = {Cache oblivious algorithms},
	Year = {2003}}

@article{danos,
 author = {Danos, Vincent and Kashefi, Elham and Panangaden, Prakash},
 title = {The measurement calculus},
 journal = {Journal of the ACM},
 issue_date = {April 2007},
 volume = {54},
 number = {2},
 month = apr,
 year = {2007},
 issn = {0004-5411},
 articleno = {8},
 url = {http://doi.acm.org/10.1145/1219092.1219096},
 doi = {10.1145/1219092.1219096},
 acmid = {1219096},
 publisher = {ACM},
 address = {New York, NY, USA},
 keywords = {Models for quantum computing, measurement-based quantum computing, normalization, quantum programming languages, teleportation-based quantum computing, term rewriting},
} 

@article{feynman82,
title={Simulating Physics with Computers},
journal={International Journal of Theoretical Physics},
author={Feynman, Richard P.},
volume={21},
number={6/7},
year={1982},
publisher={Plenum Publishing}
}

@inproceedings{deutsch85,
title={Quantum theory, the Church-Turing principle and the universal quantum computer},
booktitle={Proceedings of the Royal Society of London},
series={A 400},
year={1985},
pages={97--117}
}

@article{feynman86,
title={Quantum Mechanical Computers},
author={Feynman, Richard P.},
volume={2},
pages={11--20},
year={1986},
journal={Optics News}
}

@inproceedings{cache-oblivious-scalable-matrix,
 author = {Adams, Michael D. and Wise, David S.},
 title = {Seven at one stroke: results from a cache-oblivious paradigm for scalable matrix algorithms},
 booktitle = {Proceedings of the 2006 workshop on Memory system performance and correctness},
 series = {MSPC '06},
 year = {2006},
 isbn = {1-59593-578-9},
 location = {San Jose, California},
 pages = {41--50},
 numpages = {10},
 url = {http://doi.acm.org/10.1145/1178597.1178604},
 doi = {10.1145/1178597.1178604},
 acmid = {1178604},
 publisher = {ACM},
 address = {New York, NY, USA},
 keywords = {Cholesky factorization, Morton-hybrid, TLB, cache misses, paging, parallel processing, quadtrees},
} 


@mastersthesis{cache-oblivious-prokopp,
    author = {Harald Prokop},
    title = {Cache-Oblivious Algorithms},
    year = {1999},
    school = {Massachisetts Institute of Technology},
    month = {june}
}

@inproceedings{frigo,
 author = {Frigo, Matteo and Leiserson, Charles E. and Prokop, Harald and Ramachandran, Sridhar},
 title = {Cache-Oblivious Algorithms},
 booktitle = {Proceedings of the 40th Annual Symposium on Foundations of Computer Science},
 series = {FOCS '99},
 year = {1999},
 isbn = {0-7695-0409-4},
 pages = {285--},
 url = {http://dl.acm.org/citation.cfm?id=795665.796479},
 acmid = {796479},
 publisher = {IEEE Computer Society},
 address = {Washington, DC, USA},
} 

@inproceedings{michailidis-margaritis,
 author = {Michailidis, Panagiotis D. and Margaritis, Konstantinos G.},
 title = {Performance study of matrix computations using multi-core programming tools},
 booktitle = {Proceedings of the Fifth Balkan Conference in Informatics},
 series = {BCI '12},
 year = {2012},
 isbn = {978-1-4503-1240-0},
 location = {Novi Sad, Serbia},
 pages = {186--192},
 numpages = {7},
 url = {http://doi.acm.org/10.1145/2371316.2371353},
 doi = {10.1145/2371316.2371353},
 acmid = {2371353},
 publisher = {ACM},
 address = {New York, NY, USA},
 keywords = {linear algebra, matrix computations, multi-core, parallel programming},
} 

@inproceedings{matrix-algorithms-scalable,
 author = {Gottschling, Peter and Wise, David S. and Adams, Michael D.},
 title = {Representation-transparent matrix algorithms with scalable performance},
 booktitle = {Proceedings of the 21st annual international conference on Supercomputing},
 series = {ICS '07},
 year = {2007},
 isbn = {978-1-59593-768-1},
 location = {Seattle, Washington},
 pages = {116--125},
 numpages = {10},
 url = {http://doi.acm.org/10.1145/1274971.1274989},
 doi = {10.1145/1274971.1274989},
 acmid = {1274989},
 publisher = {ACM},
 address = {New York, NY, USA},
 keywords = {Morton-order, dilated integers, doppled integers, matrix template library},
}


@booklet{programming-parallel,
 title = {Programming on Parallel Machines},
 author = {Matloff, Norm},
howpublished={\url{http://heather.cs.ucdavis.edu/~matloff/158/PLN/ParProcBook.pdf}}
}

@INPROCEEDINGS{cache-oblivious-matrix-tranposition,
    author = {Dimitrios Tsifakis and Alistair P. Rendell and Peter E. Strazdins},
    title = {Cache Oblivious Matrix Transposition: Simulation and Experiment},
    booktitle = {In Lecture Notes in Computer Science 3037: Computational Science, ICCS},
    year = {},
    pages = {17--25}
}

@incollection{cache-oblivious-sparse-matrix,
    author = {Yzelman, A. N. and Bisseling, Rob H.},
    title = {A cache-oblivious sparse matrix-vector multiplication scheme based on the Hilbert curve},
    booktitle = {Progress in Industrial Mathematics at ECMI 2010},
    volume = {17},
    series = {Mathematics in Industry},
    year = {2010},
    editors = {G\"unther, M and Barlet, A. and Brunk, M and Sch\"ops S. and Striebel, M.} 
}


@book{book-sicm,
author = {Sussman, Gerald J. and Wisdom, Jack},
title={Structure and Interpretation of Classical Mechanics},
year={2001},
publisher={MIT Press},
address={London, England}
}

@misc{libquantum,
author={Butscher, Bj\"orn and Weimer, Hendrik},
title={libquantum},
month={Februari},
year={2013},
howpublished={\url{http://libquantum.de}}}

@misc{tbb,
author={Intel},
title={Intel Threading Building Blocks Reference Manual},
howpublished={\url{http://threadingbuildingblocks.org/docs/help/index.htm}},
month={Februari},
year={2013}}

@book{kaye-laflamme-mosca,
author={Kaye, Philip and Laflamme, Raymond and Mosca, Michele},
title={An introduction to quantum computing},
year={2010},
publisher={Oxford University Press},
address={Oxford, England}}

@book{snyder-lin,
author={Snyder, Larry and Lin, Calvin},
title={Principles of parallel Programming},
year={2008},
publisher={Pearson International},
address={United States}}

@phdthesis{vandriessche,
author={Vandriessche, Yves},
title={A foundation for quantum programming and its higly-parallel virtual execution},
school={Vrije Universiteit Brussel},
year={2012}}


@book{knuth-graham-patashnik,
author={Knuth, Donald E. and Patashnik, Oren and Graham, Ronald L.},
title={Concrete Mathematics},
year={1994},
publisher={Addison-Wesley},
address={Massachusetts}
}

@book{nielsen-chuang,
title={Quantum Computation and Quantum Information},
author={Nielsen, Michael A. and Chuang, Isaac L.},
year={2000},
publisher={Cambridge University Press},
address={Cambridge}
}

@article{selinger-valiron,
author={Selinger, P. and Valiron, B.},
title={Quantum Lambda Calculus},
journal={Semantic techniques in quantum computation},
publisher={Cambridge University Press},
address={Cambridge},
pages={135--172},
year={2010}
}

@phdthesis{grattage,
author={Grattage, J.},
title={QML: A functional quantum programming language},
school={The University of Nottingham},
year={2006}
}

@article{bettelli,
  author    = {Bettelli, S. and Serafini L. and Calarco, T.},
  title     = {Toward an architecture for quantum programming},
  journal   = {CoRR},
  volume    = {cs.PL/0103009},
  year      = {2001},
  bibsource = {DBLP, http://dblp.uni-trier.de}
}

@article{sutter-lunch,
author={Sutter, Herb},
title={The free lunch is over: A fundamental turn toward concurrency in software},
journal={D. Dobb's Journal},
volume={30},
number={2},
year={2005}
}

@misc{sutter-jungle,
author={Sutter, Herb},
title={Welcome to the Jungle},
howpublished={\url{http://herbsutter.com/welcome-to-the-jungle/}},
}

@misc{omp,
title={OpenMP},
howpublished={\url{http://www.openmp.org/}},
}

@misc{cilk,
title={Cilk},
howpublished={\url{http://supertech.csail.mit.edu/cilk/}}
}

@misc{nesl,
title={NESL: A Parallel Programming Language},
howpublished={\url{http://www.cs.cmu.edu/~scandal/nesl.html}}
}

@misc{intel-arbb,
title={Intel Array Building Blocks},
howpublished={\url{http://software.intel.com/en-us/articles/intel-array-building-blocks}}
}

@misc{libpapi,
title={PAPI: Performance Application Programming Interface},
howpublished={\url{http://icl.cs.utk.edu/papi/}}
}

@misc{wiki-z-order,
title={Z-curve.svg},
howpublished={\url{http://en.wikipedia.org/wiki/File:Z-curve.svg}}
}

@misc{perf,
title={perf: Linux profiling with performance counters},
howpublished={\url{https://perf.wiki.kernel.org/index.php/Main_Page}}
}

@article{sutter-larus,
author={Sutter, Herb and Larus, J.},
title={Software and the Concurrency Revolution},
journal={Queue},
volume={3},
number={7},
year={2005},
month={September}
}

@techreport{lee,
author={Lee, Edward A.},
title={The Problem with Threads},
year={2006},
number={UCB/EECS-2006-1},
institution={Electrical Engineering and Computer Sciences, University of California at Berkeley},
month={January}
}

@techreport{berkeley,
author={Asanovic, R. and Bodik, R. and Catanzaro, B. C. and Husband, P. and Keutzer, K. and Patterson, D. A. and Plishker, W. L. and Shalf, J. and Williams, S. W. and Yelick, K. A.},
title={The Landscape of Parallel Computing Research: A View from Berkeley},
year={2006},
number={UCB/EECS-2006-183},
institution={Electrical Engineering and Computer Sciences, University of California at Berkeley},
month={December}
}

@article{wulf-mckee,
 author = {Wulf, Wm. A. and McKee, Sally A.},
 title = {Hitting the memory wall: implications of the obvious},
 journal = {SIGARCH Comput. Archit. News},
 issue_date = {March 1995},
 volume = {23},
 number = {1},
 month = mar,
 year = {1995},
 issn = {0163-5964},
 pages = {20--24},
 numpages = {5},
 url = {http://doi.acm.org/10.1145/216585.216588},
 doi = {10.1145/216585.216588},
 acmid = {216588},
 publisher = {ACM},
 address = {New York, NY, USA},
} 

@article{patterson,
 author = {Patterson, David A.},
 title = {Latency lags bandwith},
 journal = {Commun. ACM},
 issue_date = {October 2004},
 volume = {47},
 number = {10},
 month = oct,
 year = {2004},
 issn = {0001-0782},
 pages = {71--75},
 numpages = {5},
 url = {http://doi.acm.org/10.1145/1022594.1022596},
 doi = {10.1145/1022594.1022596},
 acmid = {1022596},
 publisher = {ACM},
 address = {New York, NY, USA},
} 

@article{chatterjee-sen,
author={Chatterjee, S. and Sen, S.},
title={Cache-Efficient Matrix Transposition},
publisher={Department of Computer Science, University of North Carolina}
}

@article{serenity,
author={Vandriessche, Y.},
title={Serenity Presentation},
publisher={Vrije Universiteit Brussel},
year={2013}
}

@article{drepper,
title={What Every Programmer Should Know About Memory},
author={Drepper, U.},
year={2007},
month={November}
}


@article{williams-waterman-patterson,
 author = {Williams, Samuel and Waterman, Andrew and Patterson, David},
 title = {Roofline: an insightful visual performance model for multicore architectures},
 journal = {Commun. ACM},
 issue_date = {April 2009},
 volume = {52},
 number = {4},
 month = apr,
 year = {2009},
 issn = {0001-0782},
 pages = {65--76},
 numpages = {12},
 url = {http://doi.acm.org/10.1145/1498765.1498785},
 doi = {10.1145/1498765.1498785},
 acmid = {1498785},
 publisher = {ACM},
 address = {New York, NY, USA},
} 